@misc{aplhep, 
    author = {},
    title = {{HEP: High Energy Physics}},
    year = "2020",
    note = {{\url{https://www8.physics.utoronto.ca/~phy326/hep/} [Accessed September-2020]}} 
}

@misc{ScanDig, 
    author = {ScanDig},
    title = {{Film scanner test-reports: complete overview of all the models}},
    note = {{\url{https://www.filmscanner.info/en/FilmscannerTestberichte.html} [Accessed October-2020]}} 
}

@misc{canoscanspeed, 
    author = {},
    title = {{Canon CanoScan 9000F Mark II test report}},
    note = {{\url{https://www.filmscanner.info/en/CanonCanoScan9000FMark2.html} [Accessed September-2020]}} 
}

@misc{v800scandig, 
    author = {},
    title = {{Epson Perfection V800 Photo test report}},
    note = {{\url{https://www.filmscanner.info/en/EpsonPerfectionV800Photo.html} [Accessed September-2020]}} 
}

@misc{v600scandig, 
    author = {},
    title = {{Epson Perfection V600 Photo flat bed scanner}},
    note = {{\url{https://www.filmscanner.info/en/EpsonPerfectionV600Photo.html} [Accessed September-2020]}} 
}

@article{PDG,
    author = "Zyla, P.A. and others",
    collaboration = "Particle Data Group",
    title = "{Review of Particle Physics}",
    doi = "10.1093/ptep/ptaa104",
    journal = "PTEP",
    volume = "2020",
    number = "8",
    pages = "083C01",
    year = "2020",
    note = {{\url{https://pdg.lbl.gov/} [Accessed September-2020]}} 
}